<?xml version="1.0" encoding="UTF-8"?><collection xmlns="http://www.loc.gov/MARC21/slim"><record><leader>00531nam--2200181-i-4500</leader><controlfield tag="001">000039142</controlfield><controlfield tag="002">20161230</controlfield><controlfield tag="005">20170122225251</controlfield><controlfield tag="008">060222s1000------------r-----000-0-eng-d</controlfield><datafield ind1=" " ind2=" " tag="080"><subfield code="a">541.1:530.145</subfield></datafield><datafield ind1=" " ind2=" " tag="100"><subfield code="a">Rinaldi, Daniel</subfield></datafield><datafield ind1=" " ind2=" " tag="245"><subfield code="a">Calcul theorique des polarisabilites electroniques moleculaires. Comparaison desdifferentes methodes</subfield></datafield><datafield ind1=" " ind2=" " tag="260"><subfield code="a">Nancy</subfield><subfield code="b">L`Univ.De Nancy 1</subfield><subfield code="c">1973</subfield></datafield><datafield ind1=" " ind2=" " tag="300"><subfield code="a">/244-251p.</subfield></datafield><datafield ind1=" " ind2=" " tag="490"><subfield code="a">Theoret.Chim.Acta</subfield></datafield><datafield ind1=" " ind2=" " tag="700"><subfield code="a">Rivail, Jean-Louis</subfield></datafield><datafield ind1=" " ind2=" " tag="852"><subfield code="a">44147</subfield></datafield><datafield ind1=" " ind2=" " tag="CAT"><subfield code="a">SYS</subfield><subfield code="c">20170122</subfield><subfield code="h">225251</subfield></datafield></record></collection>